@book{B06,
  title={Pattern recognition and machine learning},
  author={Bishop, Christopher M},
  year={2006},
  publisher={springer}
}

@article{B18,
  author = {Bingham, Eli and Chen, Jonathan P. and Jankowiak, Martin and Obermeyer, Fritz and
            Pradhan, Neeraj and Karaletsos, Theofanis and Singh, Rohit and Szerlip, Paul and
            Horsfall, Paul and Goodman, Noah D.},
  title = {{Pyro: Deep Universal Probabilistic Programming}},
  journal = {arXiv preprint arXiv:1810.09538},
  year = {2018}
}

@article{CG92,
  title={Explaining the Gibbs sampler},
  author={Casella, George and George, Edward I},
  journal={The American Statistician},
  volume={46},
  number={3},
  pages={167--174},
  year={1992},
  publisher={Taylor \& Francis}
}

@inproceedings{DA15,
  title={Black-box stochastic variational inference in five lines of python},
  author={Duvenaud, David and Adams, Ryan P},
  booktitle={NIPS Workshop on Black-box Learning and Inference},
  year={2015}
}

@article{DKPR87,
  title={Hybrid monte carlo},
  author={Duane, Simon and Kennedy, Anthony D and Pendleton, Brian J and Roweth, Duncan},
  journal={Physics letters B},
  volume={195},
  number={2},
  pages={216--222},
  year={1987},
  publisher={Elsevier}
}

@incollection{G01,
  title={An introduction to hidden Markov models and Bayesian networks},
  author={Ghahramani, Zoubin},
  booktitle={Hidden Markov models: applications in computer vision},
  pages={9--41},
  year={2001},
  publisher={World Scientific}
}

@article{GJ95,
  title={Factorial hidden Markov models},
  author={Ghahramani, Zoubin and Jordan, Michael I},
  journal={Machine learning},
  volume={29},
  number={2},
  pages={245--273},
  year={1997},
  publisher={Springer}
}

@article{HG14,
  title={The No-U-Turn sampler: adaptively setting path lengths in Hamiltonian Monte Carlo.},
  author={Hoffman, Matthew D and Gelman, Andrew},
  journal={J. Mach. Learn. Res.},
  volume={15},
  number={1},
  pages={1593--1623},
  year={2014}
}

@misc{HVB20,
 author  = "Anna Haensch and Will Vega-Brown",
 title   = "EM and Inference For Hybrid State Outputs",
 year    = "2020",
 note = "[Online: accessed 02 December 2020]",
 howpublished = "\url{https://github.com/tagup/hhmm}"
}

@Inbook{MX12,
author="Mahmoud, Magdi S.
and Xia, Yuanqing",
title="Some Industrial Systems",
bookTitle="Applied Control Systems Design",
year="2012",
publisher="Springer London",
address="London",
pages="11--33",
abstract="In this chapter, we discuss the input/output dynamical behavior of several industrial systems that are frequently employed in practice and examine the main features of each system. These systems include steam generation unit, small-power wind turbine, unmanned surface marine vehicle, industrial evaporation unit, multi-stage evaporation, distillation unit and falling film evaporator. The material sets forth the scene for implementing the information-based approach to control system design which starts with system identification methods.",
isbn="978-1-4471-2879-3",
doi="10.1007/978-1-4471-2879-3_2",
url="https://doi.org/10.1007/978-1-4471-2879-3_2"
}

@article{SWF16,
  title={Probabilistic programming in Python using PyMC3},
  author={Salvatier, John and Wiecki, Thomas V and Fonnesbeck, Christopher},
  journal={PeerJ Computer Science},
  volume={2},
  pages={e55},
  year={2016},
  publisher={PeerJ Inc.}
}

@misc{U13,
 author  = "{United States Tennessee Valley Authority}",
 title   = "Wind turbine diagram",
 year    = "2013",
 note = "[Online: accessed 01 December 2020]",
 howpublished = "\url{https://en.wikipedia.org/wiki/File:Wind_turbine_diagram.svg}"
}

@misc{U19,
 author  = "{Uber Technologies, Inc.}",
 title   = "How to marginalize out discrete model variables in Pyro",
 year    = "2019",
 note = "[Online: accessed 02 December 2020]",
 howpublished = "\url{https://pyro.ai/examples/hmm.html}"
}

@article{V67,
  title={Error bounds for convolutional codes and an asymptotically optimum decoding algorithm},
  author={Viterbi, Andrew},
  journal={IEEE transactions on Information Theory},
  volume={13},
  number={2},
  pages={260--269},
  year={1967},
  publisher={IEEE}
}


%%%%%%%%%%%%%%%%%%%%%%%%%%%%%%%%%%%%%%%%%%%







